@article{tham2014global,
  title={Global prevalence of glaucoma and projections of glaucoma burden through 2040: a systematic review and meta-analysis},
  author={Tham, Yih-Chung and Li, Xiang and Wong, Tien Y and Quigley, Harry A and Aung, Tin and Cheng, Ching-Yu},
  journal={Ophthalmology},
  volume={121},
  number={11},
  pages={2081--2090},
  year={2014},
  publisher={Elsevier}
}
@inproceedings{sivaswamy2014drishti,
  title={Drishti-gs: Retinal image dataset for optic nerve head (onh) segmentation},
  author={Sivaswamy, Jayanthi and Krishnadas, SR and Joshi, Gopal Datt and Jain, Madhulika and Tabish, A Ujjwaft Syed},
  booktitle={2014 IEEE 11th international symposium on biomedical imaging (ISBI)},
  pages={53--56},
  year={2014},
  organization={IEEE}
}
@article{eye2004prevalence,
  title={Prevalence of open-angle glaucoma among adults in the United States},
  author={Eye Diseases Prevalence Research Group and others},
  journal={Archives of ophthalmology},
  volume={122},
  number={4},
  pages={532},
  year={2004},
  publisher={NIH Public Access}
}
@article{joshi2011optic,
  title={Optic disk and cup segmentation from monocular color retinal images for glaucoma assessment},
  author={Joshi, Gopal Datt and Sivaswamy, Jayanthi and Krishnadas, SR},
  journal={IEEE transactions on medical imaging},
  volume={30},
  number={6},
  pages={1192--1205},
  year={2011},
  publisher={IEEE}
}
@inproceedings{yin2011model,
  title={Model-based optic nerve head segmentation on retinal fundus images},
  author={Yin, Fengshou and Liu, Jiang and Ong, Sim Heng and Sun, Ying and Wong, Damon WK and Tan, Ngan Meng and Cheung, Carol and Baskaran, Mani and Aung, Tin and Wong, Tien Yin},
  booktitle={2011 Annual International Conference of the IEEE Engineering in Medicine and Biology Society},
  pages={2626--2629},
  year={2011},
  organization={IEEE}
}
@article{cheng2013superpixel,
  title={Superpixel classification based optic disc and optic cup segmentation for glaucoma screening},
  author={Cheng, Jun and Liu, Jiang and Xu, Yanwu and Yin, Fengshou and Wong, Damon Wing Kee and Tan, Ngan-Meng and Tao, Dacheng and Cheng, Ching-Yu and Aung, Tin and Wong, Tien Yin},
  journal={IEEE transactions on medical imaging},
  volume={32},
  number={6},
  pages={1019--1032},
  year={2013},
  publisher={IEEE}
}
@article{cheng2017quadratic,
  title={Quadratic divergence regularized SVM for optic disc segmentation},
  author={Cheng, Jun and Tao, Dacheng and Wong, Damon Wing Kee and Liu, Jiang},
  journal={Biomedical optics express},
  volume={8},
  number={5},
  pages={2687--2696},
  year={2017},
  publisher={Optical Society of America}
}
@article{fu2018joint,
  title={Joint optic disc and cup segmentation based on multi-label deep network and polar transformation},
  author={Fu, Huazhu and Cheng, Jun and Xu, Yanwu and Wong, Damon Wing Kee and Liu, Jiang and Cao, Xiaochun},
  journal={IEEE transactions on medical imaging},
  volume={37},
  number={7},
  pages={1597--1605},
  year={2018},
  publisher={IEEE}
}
@inproceedings{ronneberger2015u,
  title={U-net: Convolutional networks for biomedical image segmentation},
  author={Ronneberger, Olaf and Fischer, Philipp and Brox, Thomas},
  booktitle={International Conference on Medical image computing and computer-assisted intervention},
  pages={234--241},
  year={2015},
  organization={Springer}
}
@article{oktay2018attention,
  title={Attention u-net: Learning where to look for the pancreas},
  author={Oktay, Ozan and Schlemper, Jo and Folgoc, Loic Le and Lee, Matthew and Heinrich, Mattias and Misawa, Kazunari and Mori, Kensaku and McDonagh, Steven and Hammerla, Nils Y and Kainz, Bernhard and others},
  journal={arXiv preprint arXiv:1804.03999},
  year={2018}
}
@incollection{zhou2018unet++,
  title={Unet++: A nested u-net architecture for medical image segmentation},
  author={Zhou, Zongwei and Siddiquee, Md Mahfuzur Rahman and Tajbakhsh, Nima and Liang, Jianming},
  booktitle={Deep Learning in Medical Image Analysis and Multimodal Learning for Clinical Decision Support},
  pages={3--11},
  year={2018},
  publisher={Springer}
}
@article{jetley2018learn,
  title={Learn to pay attention},
  author={Jetley, Saumya and Lord, Nicholas A and Lee, Namhoon and Torr, Philip HS},
  journal={arXiv preprint arXiv:1804.02391},
  year={2018}
}
@article{khened2019fully,
  title={Fully convolutional multi-scale residual DenseNets for cardiac segmentation and automated cardiac diagnosis using ensemble of classifiers},
  author={Khened, Mahendra and Kollerathu, Varghese Alex and Krishnamurthi, Ganapathy},
  journal={Medical image analysis},
  volume={51},
  pages={21--45},
  year={2019},
  publisher={Elsevier}
}
@article{roth2018spatial,
  title={Spatial aggregation of holistically-nested convolutional neural networks for automated pancreas localization and segmentation},
  author={Roth, Holger R and Lu, Le and Lay, Nathan and Harrison, Adam P and Farag, Amal and Sohn, Andrew and Summers, Ronald M},
  journal={Medical image analysis},
  volume={45},
  pages={94--107},
  year={2018},
  publisher={Elsevier}
}
@inproceedings{huang2017densely,
  title={Densely connected convolutional networks},
  author={Huang, Gao and Liu, Zhuang and Van Der Maaten, Laurens and Weinberger, Kilian Q},
  booktitle={Proceedings of the IEEE conference on computer vision and pattern recognition},
  pages={4700--4708},
  year={2017}
}